%	http://www.mario-konrad.ch/wiki/doku.php?id=latex:bibliography#Referenzarten


%	----- Bücher ---------------------------------------------------------------

@BOOK{effektive-sw-architekturen,
	author = {{Starke, Gernot}},
	title = {Effektive Softwarearchitekturen: Ein praktischer Leitfaden},
	day = "4",
	month = "August",
	year = "2011",
	edition = "5. Auflage",
	publisher = "Carl Hanser Verlag GmbH & CO. KG",
	address = "München",
	isbn = "978-3-446-42728-0"
}

@BOOK{essential-xml,
	author = {{Box, Don / Skonnard, Aaron / Lam, John}},
	translator = {Matthias Born und Michael Tamm},
	title = {Essential XML : XML für die Softwareentwicklung},
	day = "4",
	month = "August",
	year = "2001",
	edition = "5. Auflage",
	publisher = "Addison-Wesley Verlag",
	address = "München",
	isbn ="3-8273-1769-X"
}

@BOOK{entscheidungsbaum-bwl-url,
	author = {{Rau, Thomas}},
	title = {Planung, Statistik und Entscheidung : betriebswirtschaftliche Instrumente für die Kommunalverwaltung},
	chapter = "Entscheidungsbaum",
	year = "2004",
	publisher = "Oldenbourg Wissenschaftsverlag GmbH",
	address = "München",
	isbn = "3-486-57618-6"
%	pages = "86 ff",
	%note = {Leseprobe: \href{http://books.google.de/books?id=Y9KA6\_O5dzEC&pg=PA86&lpg=PA86}{\texttt{http://books.google.de/books?id=Y9KA6\_O5dzEC}}, Stand: 12.12.2012},
}

@BOOK{objektorientierung-buch,
	author = {{Lahres, Bernhard / Raýman, Gregor}},
	title = {Praxisbuch Objektorientierung : von den Grundlagen zur Umsetzung},
	year = "2006",
	publisher = "Galileo Press GmbH",
	address = "Bonn",
	isbn = "978-3-89842-624-4"
	%note = {Online-Version: \href{http://openbook.galileocomputing.de/oo/index.htm}{\texttt{http://openbook.galileocomputing.de/oo/index.htm}}, Stand: 02.01.2013},
}

@BOOK{entwurfsmuster-buch,
	author = {{Gamma, Erich / Helm, Richard / Johnson, Ralph / Vlissides, John}},
	title = {Entwurfsmuster : Elemente wiederverwendbarer objektorientierter Software},
	year = "1996",
	publisher = "Addison-Wesley Verlag",
	address = "Bonn",
	isbn = "3-89319-950-0"
}

%@BOOK{uml-buch,
%	author = {Pilone, Dan},
%	editor = {Test},
%	title = {UML 2.0 in a nutshell},
%	publisher = {O'Reilly Verlag GmbH & Co. KG},
%	year = {2006},
%	isbn = "3-89721-342-7"
%}

%	3-932588-05-3
%	Das objektorientierte Konstruktionshandbuch nach dem Werkzeug- & Material-Ansatz
%	1998


%	----- Webseiten zu PHP ---------------------------------------------------------------

@ONLINE{php-extensions-url,
	author = {{PHP Group, The}},
	title = {Liste der PHP-Erweiterungen, nach Zugehörigkeit sortiert},
	url = {http://www.php.net/manual/de/extensions.membership.php}
}
@ONLINE{php-array-url,
	author = {{PHP Group, The}},
	title = {PHP: Arrays - Manual},
	url = {http://php.net/manual/de/language.types.array.php}
}
@ONLINE{php-eval-url,
	author = {{PHP Group, The}},
	title = {PHP: eval - Manual},
	url = {http://php.net/manual/de/function.eval.php}
}
@ONLINE{pecl-url,
	author = {{PHP Group, The}},
	title = {PECL :: The PHP Extension Community Library},
	url = {http://pecl.php.net/}
}
@ONLINE{pear-url,
	author = {{PHP Group, The}},
	title = {PEAR - PHP Extension and Application Repository},
	url = {http://pear.php.net/}
}


%	----- Webseiten zu Frameworks ---------------------------------------------------------------

@ONLINE{symfony-url,
	author = {{Symfony-Community / Fabien Potencier}},
	title = {High Performance PHP Framework for Web Development - Symfony},
	url = {http://symfony.com/}
}
@ONLINE{symfony-architecture-url,
	author = {{Symfony-Community / Fabien Potencier}},
	title = {The Architecture (current) - Symfony},
	url = {http://symfony.com/doc/current/quick_tour/the_architecture.html#understanding-the-directory-structure},
	lastchecked = "10.12.2012"
}

@ONLINE{yii-url,
	author = {{Yii Software LLC}},
	title = {Yii Framework: Best for Web 2.0 Development},
	url = {http://www.yiiframework.com/}
}
@ONLINE{yii-architecture-url,
	author = {{Yii Software LLC}},
	title = {Extending Yii: Using 3rd-Party Libraries \textbar{} The Definitive Guide to Yii \textbar{} Yii Framework},
	url = {http://www.yiiframework.com/doc/guide/1.1/en/extension.integration},
	lastchecked = "10.12.2012"
}

@ONLINE{codeigniter-url,
	author = {{EllisLab, Inc.}},
	title = {CodeIgniter / EllisLab},
	url = {http://codeigniter.com/}
}
@ONLINE{codeigniter-architecture-url,
	author = {{EllisLab, Inc.}},
	title = {Creating Libraries : CodeIgniter User Guide},
	url = {http://ellislab.com/codeigniter/user-guide/general/creating_libraries.html},
	lastchecked = "10.12.2012"
}

@ONLINE{zf-url,
	author = {{Zend Technologies Ltd.}},
	title = {Zend Framework},
	url = {http://framework.zend.com/}
}
@ONLINE{zf-architecture-url,
	author = {{Zend Technologies Ltd.}},
	title = {Empfohlene Verzeichnisstruktur für Projekte},
	url = {http://framework.zend.com/manual/1.12/de/project-structure.project.html},
	lastchecked = "10.12.2012"
}
@ONLINE{zf-conf-ini-url,
	author = {{Zend Technologies Ltd.}},
	title = {Zend\_Config\_Ini},
	url = {http://framework.zend.com/manual/1.12/de/project-structure.project.html},
	lastchecked = "24.12.2012"
}


%	----- Online-Artikel und sonstige I-Net-Quellen ---------------------------------------------------------------

@ONLINE{business-rules-framework-article-url,
	author = {{Shevchenko, Aleksey}},
	title = {Working with the Business Rules Framework},
	url = {http://www.developer.com/design/article.php/3563826/Working-with-the-Business-Rules-Framework.htm},
	day = "14",
	month = "November",
	year = "2005",
	lastchecked = "10.12.2012"
}

@ONLINE{where-to-pee-flowchart-url,
	author = {{Wysaski, Jeff}},
	title = {Where Should You Pee? [Flowchart] \textbar{} Pleated-Jeans.com},
	url = {http://www.pleated-jeans.com/2010/04/28/where-should-you-pee-flowchart/},
	day = "28",
	month = "April",
	year = "2010",
	lastchecked = "12.12.2012"
}

@ONLINE{entscheidungsbaum-informatik-url,
	author = {{Sawade, Christoph / Landwehr, Niels / u.a.}},
	title = {Entscheidungsbäume},
	url = {http://www.cs.uni-potsdam.de/ml/teaching/ws10/ml/Entscheidungsbaeume.pdf},
	lastchecked = "12.12.2012"
}

@ONLINE{terminalbefehl-tree-url,
	author = {{Unbekannter Autor}},
	title = {tree(1) - Linux man page},
	url = {http://linux.die.net/man/1/tree},
	lastchecked = "14.12.2012",
	note = {Beispiel einer \texttt{tree}-Ausgabe unter: \href{http://mama.indstate.edu/users/ice/tree/#box}{\texttt{http://mama.indstate.edu/users/ice/tree/}}}
}

@ONLINE{tikz-url,
	author = {{Feuersänger, Christian / Tantau, Till}},
	title = {PGF and TikZ -- Graphic systems for TeX \textbar{} Free Audio \& Video software downloads at SourceForge.net},
	url = {http://sourceforge.net/projects/pgf/},
	lastchecked = "14.12.2012"
}

@ONLINE{json-url,
	author = {{Crockford, Douglas}},
	title = {RFC 4627 - The application/json Media Type for JavaScript Object Notation (JSON)},
	url = {http://tools.ietf.org/html/rfc4627},
	lastchecked = "18.12.2012",
	year = "2006",
	month = "Juni"
}

@ONLINE{json-fatfree-url,
	author = {{Crockford, Douglas}},
	title = {JSON: The Fat-Free Alternative to XML},
	url = {http://www.json.org/fatfree.html},
	lastchecked = "18.12.2012",
	year = "2006",
	month = "Dezember"
}

@ONLINE{yaml-spec-url,
	author = {{Evans, Clark / Ben-Kiki, Oren / u.a.}},
	title = {YAML Ain’t Markup Language (YAML\trademark) Version 1.2},
	url = {http://www.yaml.org/spec/1.2/spec.html},
	lastchecked = "19.12.2012",
	year = "2009",
	month = "Oktober",
	day = "1",
	edition = "3rd"
}

@ONLINE{xml-url,
	author = {{World Wide Web Consortium (W3C)}},
	title = {Extensible Markup Language (XML)},
	url = {http://www.w3.org/XML/},
	year = "2012",
	month = "Januar",
	day = "24",
	lastchecked = "28.12.2012"
}

@ONLINE{xml-spec-url,
	author = {{Bray, Tim / Paoli, Jean / u.a.}},
	title = {Extensible Markup Language (XML) 1.1 (Second Edition)},
	url = {http://www.w3.org/TR/xml11/},
	year = "2006",
	month = "August",
	day = "16",
	lastchecked = "28.12.2012"
}

@ONLINE{sexprs-url,
	author = {{Unbekannter Autor}},
	title = {S-expression -- Wikipedia, the free encyclopedia},
	url = {http://en.wikipedia.org/wiki/S-Expression},
	year = "2012",
	month = "Oktober",
	day = "26",
	lastchecked = "24.12.2012"
}

@ONLINE{prinzipien-oodesign-url,
	author = {{Unbekannter Autor}},
	title = {Prinzipien Objektorientierten Designs -- Wikipedia, the free encyclopedia},
	url = {http://de.wikipedia.org/wiki/Prinzipien_Objektorientierten_Designs},
	year = "2012",
	month = "Oktober",
	day = "29",
	lastchecked = "02.01.2013"
}

%	----- GL-Systeme ---------------------------------------------------------------


@ONLINE{xmlproc-url,
	author = {{Chattopadhyay, Subhasish}},
	title = {xmlproc - XML PROGRAMMING FOR BUSINESS PROCESS EXTERNALIZATION - Google Project Hosting},
	url = {http://code.google.com/p/xmlproc/},
	day = "16",
	month = "September",
	year = "2008",
	lastchecked = "10.12.2012"
}

@ONLINE{php-rules-url,
	author = {{Swindle, Greg}},
	title = {PHP Rules \textbar{} A lightweight, forward-chaining inference engine based on the "`Rule Archetype Pattern"'},
	url = {http://www.swindle.net/php-rules/},
	year = "2011",
	lastchecked = "11.12.2012"
}

@ONLINE{php-business-rules-url,
	author = {{Löwe, Ralph}},
	title = {SourceForge.net: PHP Business Rules - Project Web Hosting - Open Source Software},
	url = {http://phprules.sourceforge.net/},
	year = "2011",
	lastchecked = "11.12.2012"
}

@ONLINE{drools-url,
	author = {{JBoss Community}},
	title = {Drools - JBoss Community},
	url = {http://www.jboss.org/drools},
	lastchecked = "24.12.2012"
}

@ONLINE{drools-expert-url,
	author = {{JBoss Community}},
	title = {Drools Expert - JBoss Community},
	url = {http://www.jboss.org/drools/drools-expert},
	lastchecked = "24.12.2012"
}

@ONLINE{drools-expert-reteview-url,
	author = {{JBoss Community}},
	title = {Chapter 6. The Rule IDE (Eclipse)},
	url = {http://docs.jboss.org/drools/release/5.5.0.Final/drools-expert-docs/html/ch06.html#d0e8651},
	lastchecked = "24.12.2012"
}

@ONLINE{drools-git-url,
	author = {{Unbekannter Autor}},
	title = {droolsjbpm/drools · GitHub},
	url = {https://github.com/droolsjbpm/drools},
	lastchecked = "24.12.2012"
}

@ONLINE{sre-url,
	author = {{Sierra Digital Solutions Corp}},
	title = {Simple Rule Engine \textbar{} Free Business \& Enterprise software downloads at SourceForge.net},
	url = {http://sourceforge.net/projects/sdsre/},
	day = "24",
	month = "Mai",
	year = "2011",
	lastchecked = "24.12.2012",
	note = "weitere Infos unter: \href{http://simpleruleengine.tripod.com/}{\texttt{http://simpleruleengine.tripod.com/}}}
}

@ONLINE{nxbre-url,
	author = {{Dossot, David}},
	title = {NxBRE},
	url = {http://sourceforge.net/apps/trac/nxbre/},
	day = "2",
	month = "Dezember",
	year = "2011",
	lastchecked = {Stand: 24.12.2012"
}




%	----- Tests ---------------------------------------------------------------

@INBOOK{brooks2001-silver,
	TITLE="The Mythical Man-Month",
	CHAPTER="No Silver Bullet - Essence and Accident in Software Engineering",
	AUTHOR="F. P. Brooks",
	PAGES="177--203",
	YEAR=2001,
	PUBLISHER="Addison Wesley Longman Inc.",
	ADDRESS="New York",
	EDITION="15., Aufl."
}

@BOOK{gofDesignPatterns,
	AUTHOR="Erich Gamma, Richard Helm, Ralph Johnson, John Vlissides",
	TITLE="Entwurfsmuster : Elemente wiederverwendbarer objektorientierter Software",
	PUBLISHER="Addison-Wesley Verlag",
	YEAR=1996,
	ADDRESS="Wien"
}

@BOOK{mueller2000,
	AUTHOR="J.-A. Müller",
	TITLE="Systems Engineering",
	PUBLISHER="Manz-Verlag Schulbuch (Fortis)",
	YEAR=2000,
	ADDRESS="Wien"
}

@TECHREPORT{pasche1992,
	AUTHOR="M. Pasche",
	TITLE="Synergetik und Evolutorische Ökonomik",
	INSTITUTION="Universität Hannover Fachbereich Wirtschaftswissenschaften",
	TYPE="Diskussionspapier",
	NUMBER=179,
	MONTH=dec,
	YEAR=1992
}

@manual{testurl,
	author= "A. Smith",
	title="Doing things in \LaTeX Documents",
	year="2012",
	month=dec,
	day=13,
	note="CTAN: \url{tex-archive/info/epslatex.ps} (Stand: 20.03.2012)",
	LASTCHECKED="20.04.2012",
	type"url"
}


@manual{nocheintest,
	author= "B. Smith",
	title="Doing other things in \LaTeX Documents",
	year="2013",
	month=jan,
	day=1,
	note="CTAN: \url{tex-archive/info/epslatex.ps} (Stand: 20.03.2012)",
	LASTCHECKED="20.04.2012",
	type"url"
}

